@article{HubbleScheduling,
author = {Johnston, Mark},
year = {1992},
month = {01},
pages = {},
title = {Spike: AI Scheduling for Hubble Space Telescope After 18 Months of Orbital Operations}
}